@book{laski2009software,
  title={{Software Verification and Analysis}},
  author={Laski, J. and Stanley, W.},
  isbn={9781848822405},
  url={http://books.google.rs/books?id=5hFnaDQ1jiAC},
  year={2009},
  publisher={Springer-Verlag},
  address = {London}
}

@misc{gcc,
title = {{GNU gcc}},
note = {on-line at: \url{http://gcc.gnu.org/}},
    author = {Free Software Foundation},
    year = {2013}
}


@article{haltingproblem,
    author = {Turing, A. M.},
    citeulike-article-id = {155758},
    journal = {Proceedings of the London Mathematical Society},
    keywords = {computability, entscheidungsproblem, turing},
    number = {42},
    pages = {230--265},
    posted-at = {2005-04-08 18:11:59},
    priority = {0},
    title = {{On Computable Numbers, with an application to the Entscheidungsproblem}},
    volume = {2},
    year = {1936}
}

@article{alur1994theory,
  title={A theory of timed automata},
  author={Alur, Rajeev and Dill, David L},
  journal={Theoretical computer science},
  volume={126},
  number={2},
  pages={183--235},
  year={1994},
  publisher={Elsevier}
}

@article{rozier2011linear,
  title={Linear temporal logic symbolic model checking},
  author={Rozier, Kristin Y},
  journal={Computer Science Review},
  volume={5},
  number={2},
  pages={163--203},
  year={2011},
  publisher={Elsevier}
}

@inproceedings{abate2007one,
  title={One-pass tableaux for computation tree logic},
  author={Abate, Pietro and Gor{\'e}, Rajeev and Widmann, Florian},
  booktitle={International Conference on Logic for Programming Artificial Intelligence and Reasoning},
  pages={32--46},
  year={2007},
  organization={Springer}
}

@book{baier2008principles,
  title={Principles of model checking},
  author={Baier, Christel and Katoen, Joost-Pieter and Larsen, Kim Guldstrand},
  year={2008},
  publisher={MIT press}
}

@book{reeves1990logic,
  title={Logic for computer science},
  author={Reeves, Steve and Clarke, Michael},
  year={1990},
  publisher={Citeseer}
}